<?xml version="1.0" encoding="UTF-8"?><collection xmlns="http://www.loc.gov/MARC21/slim"><record><leader>00528nam--2200133-i-4500</leader><controlfield tag="001">000004483</controlfield><controlfield tag="002">20161230</controlfield><controlfield tag="005">20161230201025</controlfield><controlfield tag="008">060222s1000------------r-----000-0-eng-d</controlfield><datafield ind1=" " ind2=" " tag="100"><subfield code="a">Dini, Dino</subfield></datafield><datafield ind1=" " ind2=" " tag="245"><subfield code="a">Sviluppo e stato attuale delle transmissioni automatiche a convertitore di coppia per autovetture. pubblicazioni della facolta d ingegneria di pisa. serie xvii, no.834</subfield></datafield><datafield ind1=" " ind2=" " tag="260"><subfield code="a">Milano, Casa Editrice  Revista Di Meccanica  24p., 40 Fig</subfield></datafield><datafield ind1=" " ind2=" " tag="490"><subfield code="a">Extras Din  Ingegneria Meccanica  Ottobre-novembre 1957</subfield></datafield><datafield ind1=" " ind2=" " tag="852"><subfield code="a">13867</subfield></datafield></record></collection>